@article{
Adams_1980a,
author = "Douglas Adams",
title = "The Hitchhiker's Guide to the Galaxy",
publisher = "Harmony Books",
address = "New York, NY, USA",
year = 1980
}
